<record><leader>00000cas a22000007a 4500</leader><controlfield tag="001">22832097</controlfield><controlfield tag="008">901210d19061981mauwr ne      0    0eng d</controlfield><datafield ind1=" " ind2=" " tag="010"><subfield code="a">sn 89063392 </subfield></datafield><datafield ind1=" " ind2=" " tag="040"><subfield code="a">MGN</subfield><subfield code="b">eng</subfield><subfield code="c">MGN</subfield><subfield code="d">OCLCQ</subfield></datafield><datafield ind1=" " ind2=" " tag="042"><subfield code="a">msc</subfield></datafield><datafield ind1="0" ind2=" " tag="130"><subfield code="a">Townsman (Wellesley, Mass.)</subfield></datafield><datafield ind1="1" ind2="4" tag="245"><subfield code="a">The townsman.</subfield></datafield><datafield ind1=" " ind2=" " tag="260"><subfield code="a">Wellesley, Mass. :</subfield><subfield code="b">Wellesley Pub. Co.</subfield></datafield><datafield ind1=" " ind2=" " tag="300"><subfield code="a">v.</subfield></datafield><datafield ind1=" " ind2=" " tag="310"><subfield code="a">Weekly</subfield></datafield><datafield ind1="0" ind2=" " tag="362"><subfield code="a">Vol. 1, no. 1 (Apr. 6, 1906)-v. 75, no. 52 (Mar. 26, 1981).</subfield></datafield><datafield ind1=" " ind2=" " tag="752"><subfield code="a">United States</subfield><subfield code="b">Massachusetts</subfield><subfield code="c">Norfolk</subfield><subfield code="d">Wellesley.</subfield></datafield><datafield ind1="0" ind2="0" tag="785"><subfield code="t">Wellesley townsman</subfield><subfield code="w">(DLC)sn 91058062</subfield></datafield></record>